@INPROCEEDINGS{8478973,
  author={Neupane, Kishan and Haddad, Rami and Chen, Lei},
  booktitle={SoutheastCon 2018}, 
  title={Next Generation Firewall for Network Security: A Survey}, 
  year={2018},
  volume={},
  number={},
  pages={1-6},
  keywords={Next generation networking;Communication networks;Firewalls (computing);Inspection;Botnet;Malware;Network security;firewall;next generation firewall},
  doi={10.1109/SECON.2018.8478973}
}

@INPROCEEDINGS{6513431,
  author={Razzaq, Abdul and Hur, Ali and Shahbaz, Sidra and Masood, Muddassar and Ahmad, H Farooq},
  booktitle={2013 IEEE Eleventh International Symposium on Autonomous Decentralized Systems (ISADS)}, 
  title={Critical analysis on web application firewall solutions}, 
  year={2013},
  volume={},
  number={},
  pages={1-6},
  keywords={Firewalls (computing);Monitoring;Web servers;Filtering;Home appliances;Web application firewalls;web application solutions;comparison of application solutions},
  doi={10.1109/ISADS.2013.6513431}
}

@INPROCEEDINGS{5700208,
  author={Berger, Michael S. and Mortensen, Brian B.},
  booktitle={2010 IEEE Globecom Workshops}, 
  title={Fast pattern matching in compressed data packages}, 
  year={2010},
  volume={},
  number={},
  pages={1591-1595},
  keywords={Engines;Pattern matching;Random access memory;Inspection;Internet;Intrusion detection;Pattern Match;Compressed data;HTTP;Security;Firewall;Intrusion detection},
  doi={10.1109/GLOCOMW.2010.5700208}
}

@INPROCEEDINGS{7514590,
  author={Kaur, Karamjeet and Kaur, Sukhveer and Gupta, Vipin},
  booktitle={2016 International Conference on Computational Techniques in Information and Communication Technologies (ICCTICT)}, 
  title={Software Defined networking based routing firewall}, 
  year={2016},
  volume={},
  number={},
  pages={267-269},
  keywords={Firewalls (computing);Routing;Software defined networking;Network topology;Topology;Web servers;IP networks;Software Defined Networking;Mininet;OpenFlow;Routing Firewall;POX Controller},
  doi={10.1109/ICCTICT.2016.7514590}
}

@INPROCEEDINGS{7947802,
  author={Trivedi, Uday and Patel, Munal},
  booktitle={2016 IEEE International Conference on Advanced Networks and Telecommunications Systems (ANTS)}, 
  title={A fully automated deep packet inspection verification system with machine learning}, 
  year={2016},
  volume={},
  number={},
  pages={1-6},
  keywords={Automation;Mobile communication;Tools;Browsers;Androids;Humanoid robots;Mobile applications;component;DPI;Deep Packet Inspection;GUI Automation Testing;Automated Signature Generation},
  doi={10.1109/ANTS.2016.7947802}
}

@INPROCEEDINGS{7474172,
  author={Trabelsi, Zouheir and Zeidan, Safaa and Masud, Mohammad M.},
  booktitle={2016 IEEE 30th International Conference on Advanced Information Networking and Applications (AINA)}, 
  title={Network Packet Filtering and Deep Packet Inspection Hybrid Mechanism for IDS Early Packet Matching}, 
  year={2016},
  volume={},
  number={},
  pages={808-815},
  keywords={Optimization;Inspection;Payloads;Matched filters;Pattern matching;Software algorithms;Deep Packet inspection;Packet filtering;Pattern matching;Binary Search on Prefix Length;Splay Tree;Network intrusion detection;Network traffic statistics},
  doi={10.1109/AINA.2016.178}
}

@article{AIWAF2019,
author = {Tekerek, Adem and Bay, Omer},
year = {2019},
month = {01},
pages = {189-206},
title = {DESIGN AND IMPLEMENTATION OF AN ARTIFICIAL INTELLIGENCE-BASED WEB APPLICATION FIREWALL MODEL},
volume = {29},
journal = {Neural Network World},
doi = {10.14311/NNW.2019.29.013}
}

@article{AHMED201619,
title = {A survey of network anomaly detection techniques},
journal = {Journal of Network and Computer Applications},
volume = {60},
pages = {19-31},
year = {2016},
issn = {1084-8045},
doi = {https://doi.org/10.1016/j.jnca.2015.11.016},
url = {https://www.sciencedirect.com/science/article/pii/S1084804515002891},
author = {Mohiuddin Ahmed and Abdun {Naser Mahmood} and Jiankun Hu}
}

@article{DINA2021100462,
title = {Intrusion detection based on Machine Learning techniques in computer networks},
journal = {Internet of Things},
volume = {16},
pages = {100462},
year = {2021},
issn = {2542-6605},
doi = {https://doi.org/10.1016/j.iot.2021.100462},
url = {https://www.sciencedirect.com/science/article/pii/S2542660521001037},
author = {Ayesha S. Dina and D. Manivannan}
}

@article{GAMAGE2020102767,
title = {Deep learning methods in network intrusion detection: A survey and an objective comparison},
journal = {Journal of Network and Computer Applications},
volume = {169},
pages = {102767},
year = {2020},
issn = {1084-8045},
doi = {https://doi.org/10.1016/j.jnca.2020.102767},
url = {https://www.sciencedirect.com/science/article/pii/S1084804520302411},
author = {Sunanda Gamage and Jagath Samarabandu}
}

@article{JAB2022,
    author = {Gaurav Patil},
    title = {JWT Authentication Bypass},
    year = {2022},
    url = {https://redfoxsec.com/blog/jwt-authentication-bypass/}
}